<?xml version="1.0" encoding="UTF-8"?><collection xmlns="http://www.loc.gov/MARC21/slim"><record><leader>00559nam--2200193-u-4500</leader><controlfield tag="001">000052353</controlfield><controlfield tag="002">20161230</controlfield><controlfield tag="005">20161230201050</controlfield><controlfield tag="008">100623s1000------------r-----000-0-eng-d</controlfield><datafield ind1=" " ind2=" " tag="040"><subfield code="a">IFIN-HH</subfield></datafield><datafield ind1="1" ind2=" " tag="100"><subfield code="a">Halfman, Robert L</subfield></datafield><datafield ind1="1" ind2="0" tag="245"><subfield code="a">Dynamics</subfield><subfield code="c">Robert L. Halfman</subfield></datafield><datafield ind1=" " ind2=" " tag="260"><subfield code="a">Reading, Mass</subfield><subfield code="b">Addison-Wsley Pub. Co</subfield><subfield code="c">1962</subfield></datafield><datafield ind1=" " ind2=" " tag="300"><subfield code="a">2 vol</subfield></datafield><datafield ind1=" " ind2=" " tag="490"><subfield code="a">The Addison-Wesley Series in the Engineering Sciences</subfield></datafield><datafield ind1="0" ind2=" " tag="505"><subfield code="a">v.2. Systems, Variational, Methods, and Relativity</subfield></datafield><datafield ind1=" " ind2="0" tag="650"><subfield code="a">Dynamics</subfield></datafield><datafield ind1=" " ind2=" " tag="852"><subfield code="a">30754</subfield><subfield code="c">531</subfield></datafield><datafield ind1=" " ind2=" " tag="CAT"><subfield code="a">Sys</subfield><subfield code="c">20100623</subfield><subfield code="h">134006</subfield></datafield></record></collection>